<record><leader>00000cas a2200000 a 4500</leader><controlfield tag="001">12737479</controlfield><controlfield tag="008">851030d18451881pauwr ne      0    0eng c</controlfield><datafield ind1=" " ind2=" " tag="010"><subfield code="a">sn 86071297 </subfield></datafield><datafield ind1=" " ind2=" " tag="040"><subfield code="a">NPH</subfield><subfield code="b">eng</subfield><subfield code="c">NPH</subfield><subfield code="d">DLC</subfield><subfield code="d">NPX</subfield><subfield code="d">NPH</subfield><subfield code="d">CNK</subfield><subfield code="d">OCLCQ</subfield><subfield code="d">DLC</subfield><subfield code="d">TGN</subfield><subfield code="d">OCLCQ</subfield><subfield code="d">OCLCF</subfield><subfield code="d">OCLCO</subfield></datafield><datafield ind1="1" ind2=" " tag="029"><subfield code="a">AU@</subfield><subfield code="b">000025097176</subfield></datafield><datafield ind1=" " ind2=" " tag="042"><subfield code="a">pcc</subfield></datafield><datafield ind1=" " ind2=" " tag="043"><subfield code="a">n-us-pa</subfield></datafield><datafield ind1="0" ind2="0" tag="050"><subfield code="a">Newspaper 9392</subfield></datafield><datafield ind1="0" ind2=" " tag="130"><subfield code="a">Carlisle herald (Carlisle, Pa. : 1845)</subfield></datafield><datafield ind1="1" ind2="0" tag="245"><subfield code="a">Carlisle herald.</subfield></datafield><datafield ind1="1" ind2="3" tag="246"><subfield code="a">Herald and expositor</subfield></datafield><datafield ind1=" " ind2=" " tag="260"><subfield code="a">Carlisle, Pa. :</subfield><subfield code="b">G.M. Phillips &amp; Co.,</subfield><subfield code="c">-1881.</subfield></datafield><datafield ind1=" " ind2=" " tag="300"><subfield code="a">v. ;</subfield><subfield code="c">47-68 cm.</subfield></datafield><datafield ind1=" " ind2=" " tag="310"><subfield code="a">Weekly</subfield></datafield><datafield ind1="0" ind2=" " tag="362"><subfield code="a">-v. 81, no. 9 (Mar. 3, 1881).</subfield></datafield><datafield ind1="1" ind2=" " tag="362"><subfield code="a">Began with Dec. 17, 1845 issue?</subfield></datafield><datafield ind1=" " ind2=" " tag="500"><subfield code="a">Publishers: G.M. Phillips &amp; Co., &lt;1845&gt;; E. Beatty, &lt;1853&gt;; D.R. Coover, &lt;1858&gt;; A.K. Rheem, &lt;1863&gt;; A.K. Rheem &amp; J. Marion Weakley, &lt;1864&gt;; J. Marion Weakley &amp; O.L. Haddock, &lt;1873&gt;; Herald Print. and Pub. Co., &lt;1876&gt;.</subfield></datafield><datafield ind1=" " ind2=" " tag="500"><subfield code="a">"Union," &lt;1864&gt;; "Republican, " &lt;1876&gt;.</subfield></datafield><datafield ind1=" " ind2=" " tag="500"><subfield code="a">Editors: William M. Porter, &lt;1858&gt;; A.K. Rheem, &lt;1863&gt;; O.L. Haddock, &lt;1876&gt;.</subfield></datafield><datafield ind1=" " ind2=" " tag="580"><subfield code="a">Absorbed: Carlisle American. Cf. NIM.</subfield></datafield><datafield ind1=" " ind2=" " tag="588"><subfield code="a">Description based on: Vol. 47, no. 15 (Dec. 24, 1845).</subfield></datafield><datafield ind1=" " ind2="0" tag="651"><subfield code="a">Carlisle (Pa.)</subfield><subfield code="v">Newspapers.</subfield></datafield><datafield ind1=" " ind2="0" tag="651"><subfield code="a">Cumberland County (Pa.)</subfield><subfield code="v">Newspapers.</subfield></datafield><datafield ind1=" " ind2="7" tag="655"><subfield code="a">Newspapers.</subfield><subfield code="2">fast</subfield><subfield code="0">(OCoLC)fst01423814</subfield></datafield><datafield ind1=" " ind2="7" tag="651"><subfield code="a">Pennsylvania</subfield><subfield code="z">Carlisle.</subfield><subfield code="2">fast</subfield><subfield code="0">(OCoLC)fst01202873</subfield></datafield><datafield ind1=" " ind2="7" tag="651"><subfield code="a">Pennsylvania</subfield><subfield code="z">Cumberland County.</subfield><subfield code="2">fast</subfield><subfield code="0">(OCoLC)fst01212513</subfield></datafield><datafield ind1=" " ind2=" " tag="752"><subfield code="a">United States</subfield><subfield code="b">Pennsylvania</subfield><subfield code="c">Cumberland</subfield><subfield code="d">Carlisle.</subfield></datafield><datafield ind1="0" ind2="0" tag="780"><subfield code="t">Carlisle herald and expositor</subfield><subfield code="w">(DLC)sn 86071296</subfield></datafield><datafield ind1="1" ind2="5" tag="780"><subfield code="t">Carlisle American</subfield><subfield code="g">1864</subfield><subfield code="w">(DLC)sn 88079497</subfield></datafield><datafield ind1="0" ind2="7" tag="785"><subfield code="t">Carlisle semi-weekly mirror</subfield><subfield code="w">(DLC)sn 86081617</subfield></datafield><datafield ind1="0" ind2="7" tag="785"><subfield code="t">Herald and mirror (Carlisle, Pa.)</subfield><subfield code="w">(DLC)sn 86081615</subfield></datafield></record>